<?xml version="1.0" encoding="UTF-8"?><collection xmlns="http://www.loc.gov/MARC21/slim"><record><leader>00538nam--2200181-i-4500</leader><controlfield tag="001">000024409</controlfield><controlfield tag="002">20161230</controlfield><controlfield tag="005">20161230201035</controlfield><controlfield tag="008">060222s1000------------r-----000-0-ger-d</controlfield><datafield ind1=" " ind2=" " tag="040"><subfield code="a">IFIN-HH</subfield></datafield><datafield ind1=" " ind2=" " tag="041"><subfield code="a">ger</subfield></datafield><datafield ind1=" " ind2=" " tag="080"><subfield code="a">519.25</subfield></datafield><datafield ind1="1" ind2=" " tag="100"><subfield code="a">Hansel, H</subfield></datafield><datafield ind1="1" ind2="0" tag="245"><subfield code="a">Grundzuge der fehlerrechnung. ein lehrbuch un nachschlagewerk fur das physikalische praktikum mit zahlreichen beispielen</subfield></datafield><datafield ind1=" " ind2=" " tag="260"><subfield code="a">Berlin, Veb Deutscher Verlag Der Wissenschaften, 1966</subfield></datafield><datafield ind1=" " ind2=" " tag="300"><subfield code="a">115 P</subfield></datafield><datafield ind1=" " ind2=" " tag="852"><subfield code="a">25341</subfield><subfield code="c">519.2</subfield></datafield><datafield ind1=" " ind2=" " tag="CAT"><subfield code="a">Sys</subfield><subfield code="c">20100521</subfield><subfield code="h">094734</subfield></datafield></record></collection>